
@MISC{sito_xampp,
	title =        {https://www.apachefriends.org/it/index.html}
}

@MISC{sito_frontback_end,
	title =        {https://it.wikipedia.org/wiki/Front-end\_e\_back-end}
}

@MISC{sito_webserver,
	title =        {https://it.wikipedia.org/wiki/Server\_web}
}

@MISC{sito_web_browser,
	title = {https://it.wikipedia.org/wiki/Browser}
}

@MISC{sito_apache,
	title =        {https://httpd.apache.org/}
}

@MISC{sito_dbms,
	title =        {https://it.wikipedia.org/wiki/Database\_management\_system}
}

@MISC{sito_mysql_license,
	title ={https://www.mysql.com/about/legal/licensing/oem/}
}

@MISC{sito_innodb,
	title ={https://it.wikipedia.org/wiki/InnoDB}
}

@MISC{sito_phpmyadmin,
	title ={https://www.phpmyadmin.net/}
}


@MISC{sito_php,
	title ={https://php.net/}
}

@MISC{sito_sql,
	title={https://www.w3schools.com/sql/}
}

@MISC{sito_visual_studio_code,
	title = {https://code.visualstudio.com/}
}

@MISC{sito_leaflet,
	title = {https://leafletjs.com/}
}

@MISC{sito_geolocation_API,
	title = {https://www.w3.org/TR/geolocation-API/}
}

@MISC{sito_WebRTC_API,
	title = {https://developer.mozilla.org/en-US/docs/Web/API/WebRTC\_API}
}

@MISC{sito_WebRTC_esempi,
	title = {https://webrtc.github.io/samples/}
}

@MISC{sito_HTML,
	title = {https://www.w3.org/html/}
}

@MISC{sito_CSS,
	title = {https://www.w3.org/Style/CSS/Overview.en.html}
}

@MISC{sito_Js,
	title = {https://www.w3.org/standards/webdesign/script}
}

@MISC{sito_JQuery,
	title = {https://jquery.com/}
}

@MISC{sito_Ajax,
	title = {http://api.jquery.com/jquery.ajax/}
}

@MISC{sito_framework_css,
	title = {https://en.wikipedia.org/wiki/CSS\_framework}
}

@MISC{sito_get_ip,
	title = {https://stackoverflow.com/questions/3003145/how-to-get-the-client-ip-address-in-php}
}

@MISC{sito_winscp,
	title = {https://winscp.net/eng/docs/lang:it}
}